@ONLINE{hnet1,
author = {Standford},
title = {Neural Networks},
urldate = {2017-16-11},
url = {https://cs.stanford.edu/people/eroberts/courses/soco/projects/neural-networks/History/index.html}
}

@ONLINE{amy,
author = {Amy Unruh},
title = {What is the TensorFlow machine intelligence platform?},
urldate = {2017-07-12},
url = {https://opensource.com/article/17/11/intro-tensorflow}
}

@ONLINE{colah,
author = {Christopher Olah},
title = {Visualizing MNIST: An Exploration of Dimensionality Reduction},
urldate = {2017-04-12},
date = {2015-10-09},
url = {http://colah.github.io/posts/2014-10-Visualizing-MNIST/}
}


@book{hnet2,
  title={An introduction to neural network methods for differential equations},
  author={Yadav, Neha and Yadav, Anupam and Kumar, Manoj},
  year={2015},
  publisher={Springer}
}

@book{deepbook,
    title={Deep Learning},
    author={Ian Goodfellow and Yoshua Bengio and Aaron Courville},
    publisher={MIT Press},
    note={\url{http://www.deeplearningbook.org}},
    year={2016}
}

@book{springer,
  title={Springer handbook of computational intelligence},
  author={Kacprzyk, Janusz and Pedrycz, Witold},
  year={2015},
  publisher={Springer}
}

@book{rojas,
  title={Neural networks: a systematic introduction},
  author={Rojas, Raul},
  year={2013},
  publisher={Springer Science \& Business Media}
}

@book{nielsen,
  title={Neural Networks and Deep Learning},
  author={Michael A. Nielsen},
  year={2015},
  publisher={Determination Press}
}


@MISC {neurdiag,
    TITLE = {Diagram of an artificial neural network},
    AUTHOR = {Gonzalo Medina},
    HOWPUBLISHED = {Tex Stack Exchange},
    NOTE = {URL:https://tex.stackexchange.com/a/132471/},
    urldate = {2017-30-11}
}
